@article{bowers2022dissecting,
  title={Dissecting the dominant hot spring microbial populations based on community-wide sampling at single-cell genomic resolution},
  author={Bowers, Robert M and Nayfach, Stephen and Schulz, Frederik and Jungbluth, Sean P and Ruhl, Ilona A and Sheremet, Andriy and Lee, Janey and Goudeau, Danielle and Eloe-Fadrosh, Emiley A and Stepanauskas, Ramunas and Malmstrom, Rex R and Kyrpides,Nikos C and Dunfield,Peter F and Woyke,Tanja},
  journal={The ISME journal},
  volume={16},
  number={5},
  pages={1337--1347},
  year={2022},
  publisher={Nature Publishing Group}
}

@article{nissen2021improved,
  title={Improved metagenome binning and assembly using deep variational autoencoders},
  author={Nissen, Jakob Nybo and Johansen, Joachim and Alles{\o}e, Rosa Lundbye and S{\o}nderby, Casper Kaae and Armenteros, Jose Juan Almagro and Gr{\o}nbech, Christopher Heje and Jensen, Lars Juhl and Nielsen, Henrik Bj{\o}rn and Petersen, Thomas Nordahl and Winther, Ole and Simon Rasmussen, Simon},
  journal={Nature biotechnology},
  volume={39},
  number={5},
  pages={555--560},
  year={2021},
  publisher={Nature Publishing Group}
}

@article{lieberman2009comprehensive,
  title={Comprehensive mapping of long-range interactions reveals folding principles of the human genome},
  author={Lieberman-Aiden, Erez and Van Berkum, Nynke L and Williams, Louise and Imakaev, Maxim and Ragoczy, Tobias and Telling, Agnes and Amit, Ido and Lajoie, Bryan R and Sabo, Peter J and Dorschner, Michael O and Sandstrom,Richard and Bernstein,Bradley and Bender,M.A. and Groudine,Mark and Gnirke,Andreas and Stamatoyannopoulos,John and Mirny,Leonid A and Lander,Eric S and Dekker,Job},
  journal={science},
  volume={326},
  number={5950},
  pages={289--293},
  year={2009},
  publisher={American Association for the Advancement of Science}
}

@article{nayfach2021genomic,
  title={A genomic catalog of Earth’s microbiomes},
  author={Nayfach, Stephen and Roux, Simon and Seshadri, Rekha and Udwary, Daniel and Varghese, Neha and Schulz, Frederik and Wu, Dongying and Paez-Espino, David and Chen, I-Min and Huntemann, Marcel and Palaniappan, Krishna and Ladau, Joshua and Mukherjee, Supratim and Reddy, T. B. K. and Nielsen, Torben and Kirton, Edward and Faria, José P. and Edirisinghe, Janaka N. and Henry, Christopher S. and Jungbluth, Sean P. and Chivian, Dylan and Dehal, Paramvir and Wood-Charlson, Elisha M. and Arkin, Adam P. and Tringe, Susannah G. and Visel, Axel and Abreu, Helena and Acinas, Silvia G. and Allen, Eric and Allen, Michelle A. and Alteio, Lauren V. and Andersen, Gary and Anesio, Alexandre M. and Attwood, Graeme and Avila-Magaña, Viridiana and Badis, Yacine and Bailey, Jake and Baker, Brett and Baldrian, Petr and Barton, Hazel A. and Beck, David A. C. and Becraft, Eric D. and Beller, Harry R. and Beman, J. Michael and Bernier-Latmani, Rizlan and Berry, Timothy D. and Bertagnolli, Anthony and Bertilsson, Stefan and Bhatnagar, Jennifer M. and Bird, Jordan T. and Blanchard, Jeffrey L. and Blumer-Schuette, Sara E. and Bohannan, Brendan and Borton, Mikayla A. and Brady, Allyson and Brawley, Susan H. and Brodie, Juliet and Brown, Steven and Brum, Jennifer R. and Brune, Andreas and Bryant, Donald A. and Buchan, Alison and Buckley, Daniel H. and Buongiorno, Joy and Cadillo-Quiroz, Hinsby and Caffrey, Sean M. and Campbell, Ashley N. and Campbell, Barbara and Carr, Stephanie and Carroll, JoLynn and Cary, S. Craig and Cates, Anna M. and Cattolico, Rose Ann and Cavicchioli, Ricardo and Chistoserdova, Ludmila and Coleman, Maureen L. and Constant, Philippe and Conway, Jonathan M. and Mac Cormack, Walter P. and Crowe, Sean and Crump, Byron and Currie, Cameron and Daly, Rebecca and DeAngelis, Kristen M. and Denef, Vincent and Denman, Stuart E. and Desta, Adey and Dionisi, Hebe and Dodsworth, Jeremy and Dombrowski, Nina and Donohue, Timothy and Dopson, Mark and Driscoll, Timothy and Dunfield, Peter and Dupont, Christopher L. and Dynarski, Katherine A. and Edgcomb, Virginia and Edwards, Elizabeth A. and Elshahed, Mostafa S. and Figueroa, Israel and Flood, Beverly and Fortney, Nathaniel and Fortunato, Caroline S. and Francis, Christopher and Gachon, Claire M. M. and Garcia, Sarahi L. and Gazitua, Maria C. and Gentry, Terry and Gerwick, Lena and Gharechahi, Javad and Girguis, Peter and Gladden, John and Gradoville, Mary and Grasby, Stephen E. and Gravuer, Kelly and Grettenberger, Christen L. and Gruninger, Robert J. and Guo, Jiarong and Habteselassie, Mussie Y. and Hallam, Steven J. and Hatzenpichler, Roland and Hausmann, Bela and Hazen, Terry C. and Hedlund, Brian and Henny, Cynthia and Herfort, Lydie and Hernandez, Maria and Hershey, Olivia S. and Hess, Matthias and Hollister, Emily B. and Hug, Laura A. and Hunt, Dana and Jansson, Janet and Jarett, Jessica and Kadnikov, Vitaly V. and Kelly, Charlene and Kelly, Robert and Kelly, William and Kerfeld, Cheryl A. and Kimbrel, Jeff and Klassen, Jonathan L. and Konstantinidis, Konstantinos T. and Lee, Laura L. and Li, Wen-Jun and Loder, Andrew J. and Loy, Alexander and Lozada, Mariana and MacGregor, Barbara and Magnabosco, Cara and Maria da Silva, Aline and McKay, R. Michael and McMahon, Katherine and McSweeney, Chris S. and Medina, Mónica and Meredith, Laura and Mizzi, Jessica and Mock, Thomas and Momper, Lily and Moran, Mary Ann and Morgan-Lang, Connor and Moser, Duane and Muyzer, Gerard and Myrold, David and Nash, Maisie and Nesbø, Camilla L. and Neumann, Anthony P. and Neumann, Rebecca B. and Noguera, Daniel and Northen, Trent and Norton, Jeanette and Nowinski, Brent and Nüsslein, Klaus and O’Malley, Michelle A. and Oliveira, Rafael S. and Maia de Oliveira, Valeria and Onstott, Tullis and Osvatic, Jay and Ouyang, Yang and Pachiadaki, Maria and Parnell, Jacob and Partida-Martinez, Laila P. and Peay, Kabir G. and Pelletier, Dale and Peng, Xuefeng and Pester, Michael and Pett-Ridge, Jennifer and Peura, Sari and Pjevac, Petra and Plominsky, Alvaro M. and Poehlein, Anja and Pope, Phillip B. and Ravin, Nikolai and Redmond, Molly C. and Reiss, Rebecca and Rich, Virginia and Rinke, Christian and Rodrigues, Jorge L. Mazza and Rodriguez-Reillo, William and Rossmassler, Karen and Sackett, Joshua and Salekdeh, Ghasem Hosseini and Saleska, Scott and Scarborough, Matthew and Schachtman, Daniel and Schadt, Christopher W. and Schrenk, Matthew and Sczyrba, Alexander and Sengupta, Aditi and Setubal, Joao C. and Shade, Ashley and Sharp, Christine and Sherman, David H. and Shubenkova, Olga V. and Sierra-Garcia, Isabel Natalia and Simister, Rachel and Simon, Holly and Sjöling, Sara and Slonczewski, Joan and Correa de Souza, Rafael Soares and Spear, John R. and Stegen, James C. and Stepanauskas, Ramunas and Stewart, Frank and Suen, Garret and Sullivan, Matthew and Sumner, Dawn and Swan, Brandon K. and Swingley, Wesley and Tarn, Jonathan and Taylor, Gordon T. and Teeling, Hanno and Tekere, Memory and Teske, Andreas and Thomas, Torsten and Thrash, Cameron and Tiedje, James and Ting, Claire S. and Tully, Benjamin and Tyson, Gene and Ulloa, Osvlado and Valentine, David L. and Van Goethem, Marc W. and VanderGheynst, Jean and Verbeke, Tobin J. and Vollmers, John and Vuillemin, Aurèle and Waldo, Nicholas B. and Walsh, David A. and Weimer, Bart C. and Whitman, Thea and van der Wielen, Paul and Wilkins, Michael and Williams, Timothy J. and Woodcroft, Ben and Woolet, Jamie and Wrighton, Kelly and Ye, Jun and Young, Erica B. and Youssef, Noha H. and Yu, Feiqiao Brian and Zemskaya, Tamara I. and Ziels, Ryan and Woyke, Tanja and Mouncey, Nigel J. and Ivanova, Natalia N. and Kyrpides, Nikos C. and Eloe-Fadrosh, Emiley A.},
  journal={Nature biotechnology},
  volume={39},
  number={4},
  pages={499--509},
  year={2021},
  publisher={Nature Publishing Group}
}

@article{parks2015checkm,
  title={CheckM: assessing the quality of microbial genomes recovered from isolates, single cells, and metagenomes},
  author={Parks, Donovan H and Imelfort, Michael and Skennerton, Connor T and Hugenholtz, Philip and Tyson, Gene W},
  journal={Genome research},
  volume={25},
  number={7},
  pages={1043--1055},
  year={2015},
  publisher={Cold Spring Harbor Lab}
}

@article{faust2014samblaster,
  title={SAMBLASTER: fast duplicate marking and structural variant read extraction},
  author={Faust, Gregory G and Hall, Ira M},
  journal={Bioinformatics},
  volume={30},
  number={17},
  pages={2503--2505},
  year={2014},
  publisher={Oxford University Press}
}

@article{kang2019metabat,
  title={MetaBAT 2: an adaptive binning algorithm for robust and efficient genome reconstruction from metagenome assemblies},
  author={Kang, Dongwan D and Li, Feng and Kirton, Edward and Thomas, Ashleigh and Egan, Rob and An, Hong and Wang, Zhong},
  journal={PeerJ},
  volume={7},
  pages={e7359},
  year={2019},
  publisher={PeerJ Inc.}
}

@article{chen2005bioinformatics,
  title={Bioinformatics for whole-genome shotgun sequencing of microbial communities},
  author={Chen, Kevin and Pachter, Lior},
  journal={PLoS computational biology},
  volume={1},
  number={2},
  pages={e24},
  year={2005},
  publisher={Public Library of Science San Francisco, USA}
}

@article{press2017hi,
  title={Hi-C deconvolution of a human gut microbiome yields high-quality draft genomes and reveals plasmid-genome interactions},
  author={Press, Maximilian O and Wiser, Andrew H and Kronenberg, Zev N and Langford, Kyle W and Shakya, Migun and Lo, Chien-Chi and Mueller, Kathryn A and Sullivan, Shawn T and Chain, Patrick SG and Liachko, Ivan},
  journal={biorxiv},
  pages={198713},
  year={2017},
  publisher={Cold Spring Harbor Laboratory}
}

@techreport{bushnell2014bbmap,
  title={BBMap: a fast, accurate, splice-aware aligner},
  author={Bushnell, Brian},
  year={2014},
  institution={Lawrence Berkeley National Lab.(LBNL), Berkeley, CA (United States)}
}

@article{nurk2017metaspades,
  title={metaSPAdes: a new versatile metagenomic assembler},
  author={Nurk, Sergey and Meleshko, Dmitry and Korobeynikov, Anton and Pevzner, Pavel A},
  journal={Genome research},
  volume={27},
  number={5},
  pages={824--834},
  year={2017},
  publisher={Cold Spring Harbor Lab}
}

@article{li2009sequence,
  title={The sequence alignment/map format and SAMtools},
  author={Li, Heng and Handsaker, Bob and Wysoker, Alec and Fennell, Tim and Ruan, Jue and Homer, Nils and Marth, Gabor and Abecasis, Goncalo and Durbin, Richard},
  journal={Bioinformatics},
  volume={25},
  number={16},
  pages={2078--2079},
  year={2009},
  publisher={Oxford University Press}
}

@article{li2013aligning,
  title={Aligning sequence reads, clone sequences and assembly contigs with BWA-MEM},
  author={Li, Heng},
  journal={arXiv preprint arXiv:1303.3997},
  year={2013}
}

@article{mikheenko2016metaquast,
  title={MetaQUAST: evaluation of metagenome assemblies},
  author={Mikheenko, Alla and Saveliev, Vladislav and Gurevich, Alexey},
  journal={Bioinformatics},
  volume={32},
  number={7},
  pages={1088--1090},
  year={2016},
  publisher={Oxford University Press}
}

@article{demaere2019bin3c,
  title={bin3C: exploiting Hi-C sequencing data to accurately resolve metagenome-assembled genomes},
  author={DeMaere, Matthew Z and Darling, Aaron E},
  journal={Genome biology},
  volume={20},
  number={1},
  pages={1--16},
  year={2019},
  publisher={BioMed Central}
}

@article{olm2017drep,
  title={dRep: a tool for fast and accurate genomic comparisons that enables improved genome recovery from metagenomes through de-replication},
  author={Olm, Matthew R and Brown, Christopher T and Brooks, Brandon and Banfield, Jillian F},
  journal={The ISME journal},
  volume={11},
  number={12},
  pages={2864--2868},
  year={2017},
  publisher={Nature Publishing Group}
}

@article{breiman2001random,
  title={Random forests},
  author={Breiman, Leo},
  journal={Machine learning},
  volume={45},
  number={1},
  pages={5--32},
  year={2001},
  publisher={Springer}
}

@article{bowers2017minimum,
  title={Minimum information about a single amplified genome (MISAG) and a metagenome-assembled genome (MIMAG) of bacteria and archaea},
  author={Bowers, Robert M and Kyrpides, Nikos C and Stepanauskas, Ramunas and Harmon-Smith, Miranda and Doud, Devin and Reddy, TBK and Schulz, Frederik and Jarett, Jessica and Rivers, Adam R and Eloe-Fadrosh, Emiley A},
  journal={Nature biotechnology},
  volume={35},
  number={8},
  pages={725--731},
  year={2017},
  publisher={Nature Publishing Group}
}

@article{breitwieser2019review,
  title={A review of methods and databases for metagenomic classification and assembly},
  author={Breitwieser, Florian P and Lu, Jennifer and Salzberg, Steven L},
  journal={Briefings in bioinformatics},
  volume={20},
  number={4},
  pages={1125--1136},
  year={2019},
  publisher={Oxford University Press}
}

@article{ayling2020new,
  title={New approaches for metagenome assembly with short reads},
  author={Ayling, Martin and Clark, Matthew D and Leggett, Richard M},
  journal={Briefings in bioinformatics},
  volume={21},
  number={2},
  pages={584--594},
  year={2020},
  publisher={Oxford University Press}
}

@article{meyer2021critical,
  title={Critical Assessment of Metagenome Interpretation-the second round of challenges},
  author={Meyer, Fernando and Fritz, Adrian and Deng, Zhi-Luo and Koslicki, David and Lesker, Till Robin and Gurevich, Alexey and Robertson, Gary and Alser, Mohammed and Antipov, Dmitry and Beghini, Francesco and Bertrand, Denis and Brito, Jaqueline J. and Brown, C. Titus and Buchmann, Jan and Buluç, Aydin and Chen, Bo and Chikhi, Rayan and Clausen, Philip T. L. C. and Cristian, Alexandru and Dabrowski, Piotr Wojciech and Darling, Aaron E. and Egan, Rob and Eskin, Eleazar and Georganas, Evangelos and Goltsman, Eugene and Gray, Melissa A. and Hansen, Lars Hestbjerg and Hofmeyr, Steven and Huang, Pingqin and Irber, Luiz and Jia, Huijue and Jørgensen, Tue Sparholt and Kieser, Silas D. and Klemetsen, Terje and Kola, Axel and Kolmogorov, Mikhail and Korobeynikov, Anton and Kwan, Jason and LaPierre, Nathan and Lemaitre, Claire and Li, Chenhao and Limasset, Antoine and Malcher-Miranda, Fabio and Mangul, Serghei and Marcelino, Vanessa R. and Marchet, Camille and Marijon, Pierre and Meleshko, Dmitry and Mende, Daniel R. and Milanese, Alessio and Nagarajan, Niranjan and Nissen, Jakob and Nurk, Sergey and Oliker, Leonid and Paoli, Lucas and Peterlongo, Pierre and Piro, Vitor C. and Porter, Jacob S. and Rasmussen, Simon and Rees, Evan R. and Reinert, Knut and Renard, Bernhard and Robertsen, Espen Mikal and Rosen, Gail L. and Ruscheweyh, Hans-Joachim and Sarwal, Varuni and Segata, Nicola and Seiler, Enrico and Shi, Lizhen and Sun, Fengzhu and Sunagawa, Shinichi and Sørensen, Søren Johannes and Thomas, Ashleigh and Tong, Chengxuan and Trajkovski, Mirko and Tremblay, Julien and Uritskiy, Gherman and Vicedomini, Riccardo and Wang, Zhengyang and Wang, Ziye and Wang, Zhong and Warren, Andrew and Willassen, Nils Peder and Yelick, Katherine and You, Ronghui and Zeller, Georg and Zhao, Zhengqiao and Zhu, Shanfeng and Zhu, Jie and Garrido-Oter, Ruben and Gastmeier, Petra and Hacquard, Stephane and Häußler, Susanne and Khaledi, Ariane and Maechler, Friederike and Mesny, Fantin and Radutoiu, Simona and Schulze-Lefert, Paul and Smit, Nathiana and Strowig, Till and Bremges, Andreas and Sczyrba, Alexander and McHardy, Alice Carolyn},
  journal={BioRxiv},
  year={2021},
  publisher={Cold Spring Harbor Laboratory}
}

@article{Bickhart2022GeneratingLC,
  title={Generating lineage-resolved, complete metagenome-assembled genomes from complex microbial communities},
  author={Derek M. Bickhart and Mikhail Kolmogorov and Elizabeth Tseng and Daniel M. Portik and Anton I. Korobeynikov and Ivan Tolstoganov and Gherman V Uritskiy and Ivan Liachko and Shawn Sullivan and Sung Bong Shin and Alvah Zorea and Vict{\`o}ria Pascal Andreu and Kevin Panke-Buisse and Marnix H. Medema and Itzhak Mizrahi and Pavel A. Pevzner and Timothy P L Smith},
  journal={Nature Biotechnology},
  year={2022},
  pages={1-9}
}

@article{White2016MoleculoLS,
  title={Moleculo Long-Read Sequencing Facilitates Assembly and Genomic Binning from Complex Soil Metagenomes},
  author={Richard Allen White and Eric M Bottos and Taniya Roy Chowdhury and Jeremy D. Zucker and Colin J. Brislawn and Carrie D. Nicora and Sarah J. Fansler and Kurt R. Glaesemann and Kevin A. Glass and Janet K. Jansson},
  journal={mSystems},
  year={2016},
  volume={1}
}

@article{Chen2019SimpleAS,
  title={Simple and Scalable Genome Analysis with Transposase Enzyme Linked Long-Read Sequencing (TELL-Seq): From Haplotype Phasing to De Novo Assembly in a Tube.},
  author={Tom Z. Chen},
  journal={Journal of biomolecular techniques : JBT},
  year={2019},
  volume={30 Suppl},
  pages={
          S37
        }
}

@article{Frank2016ImprovedMA,
  title={Improved metagenome assemblies and taxonomic binning using long-read circular consensus sequence data},
  author={Jeremy A. Frank and Yue Pan and Ave Tooming-Klunderud and Vincent G. H. Eijsink and Alice Mchardy and Alexander Johan Nederbragt and Phillip B. Pope},
  journal={Scientific Reports},
  year={2016},
  volume={6}
}

@article{Arikawa2021RecoveryOH,
  title={Recovery of high-quality assembled genomes via metagenome binning guided with single-cell amplified genomes},
  author={Koji Arikawa and Keigo Ide and Masato Kogawa and Tatusya Saeki and Takuya Yoda and Taruho Endoh and Ayumi Matsuhashi and Haruko Takeyama and Masahito Hosokawa},
  journal={bioRxiv},
  year={2021}
}

@article{Burton2014SpeciesLevelDO,
  title={Species-Level Deconvolution of Metagenome Assemblies with Hi-C–Based Contact Probability Maps},
  author={Joshua N. Burton and Ivan Liachko and Maitreya J. Dunham and Jay A. Shendure},
  journal={G3: Genes|Genomes|Genetics},
  year={2014},
  volume={4},
  pages={1339 - 1346}
}

@article{Beitel2014StrainAP,
  title={Strain- and plasmid-level deconvolution of a synthetic metagenome by sequencing proximity ligation products},
  author={Christopher Beitel and Lutz Froenicke and Jenna Morgan Lang and Ian F. Korf and Richard W. Michelmore and Jonathan A. Eisen and Aaron E. Darling},
  journal={PeerJ},
  year={2014},
  volume={2}
}

@article{Yaffe2011ProbabilisticMO,
  title={Probabilistic modeling of Hi-C contact maps eliminates systematic biases to characterize global chromosomal architecture},
  author={Eitan Yaffe and Amos Tanay},
  journal={Nature Genetics},
  year={2011},
  volume={43},
  pages={1059-1065}
}

@article{segata2012metagenomic,
  title={Metagenomic microbial community profiling using unique clade-specific marker genes},
  author={Segata, Nicola and Waldron, Levi and Ballarini, Annalisa and Narasimhan, Vagheesh and Jousson, Olivier and Huttenhower, Curtis},
  journal={Nature methods},
  volume={9},
  number={8},
  pages={811--814},
  year={2012},
  publisher={Nature Publishing Group}
}

@article{wood2014kraken,
  title={Kraken: ultrafast metagenomic sequence classification using exact alignments},
  author={Wood, Derrick E and Salzberg, Steven L},
  journal={Genome biology},
  volume={15},
  number={3},
  pages={1--12},
  year={2014},
  publisher={BioMed Central}
}

@article{huson2007megan,
  title={MEGAN analysis of metagenomic data},
  author={Huson, Daniel H and Auch, Alexander F and Qi, Ji and Schuster, Stephan C},
  journal={Genome research},
  volume={17},
  number={3},
  pages={377--386},
  year={2007},
  publisher={Cold Spring Harbor Lab}
}

@article{pan2022deep,
  title={A deep siamese neural network improves metagenome-assembled genomes in microbiome datasets across different environments},
  author={Pan, Shaojun and Zhu, Chengkai and Zhao, Xing-Ming and Coelho, Luis Pedro},
  journal={Nature Communications},
  volume={13},
  number={1},
  pages={1--12},
  year={2022},
  publisher={Nature Publishing Group}
}

@article{wang2019solidbin,
  title={SolidBin: improving metagenome binning with semi-supervised normalized cut},
  author={Wang, Ziye and Wang, Zhengyang and Lu, Yang Young and Sun, Fengzhu and Zhu, Shanfeng},
  journal={Bioinformatics},
  volume={35},
  number={21},
  pages={4229--4238},
  year={2019},
  publisher={Oxford University Press}
}

@article{raghavan2007near,
  title={Near linear time algorithm to detect community structures in large-scale networks},
  author={Raghavan, Usha Nandini and Albert, R{\'e}ka and Kumara, Soundar},
  journal={Physical review E},
  volume={76},
  number={3},
  pages={036106},
  year={2007},
  publisher={APS}
}

@article{meyer2018amber,
  title={AMBER: assessment of metagenome BinnERs},
  author={Meyer, Fernando and Hofmann, Peter and Belmann, Peter and Garrido-Oter, Ruben and Fritz, Adrian and Sczyrba, Alexander and McHardy, Alice C},
  journal={GigaScience},
  volume={7},
  number={6},
  pages={giy069},
  year={2018},
  publisher={Oxford University Press}
}

@article{tolstoganov2022binspreader,
  title={Binspreader: refine binning results for fuller mag reconstruction},
  author={Tolstoganov, Ivan and Kamenev, Yuri and Kruglikov, Roman and Ochkalova, Sofia and Korobeynikov, Anton},
  journal={Iscience},
  volume={25},
  number={8},
  pages={104770},
  year={2022},
  publisher={Elsevier}
}

@article{ivanova2022hi,
  title={Hi-c metagenomics in the ICU: Exploring clinically relevant features of gut microbiome in chronically critically ill patients},
  author={Ivanova, Valeriia and Chernevskaya, Ekaterina and Vasiluev, Petr and Ivanov, Artem and Tolstoganov, Ivan and Shafranskaya, Daria and Ulyantsev, Vladimir and Korobeynikov, Anton and Razin, Sergey V and Beloborodova, Natalia and others},
  journal={Frontiers in microbiology},
  volume={12},
  pages={770323},
  year={2022},
  publisher={Frontiers Media SA}
}
